@article { ponitz:walks:ejc:2000,
	author = "André Pönitz and Peter Tittman",
	title = "Improved upper bounds for self-avoiding walks in $\mathbb{Z}^d$",
	journal = "The Electronic Journal of Combinatorics",
	volume = "7",
	year = 2000
}

@misc { eppstein:automata:www:2013,
    author = "David Eppstein",
    title = "Python Algorithms and Data Structures",
    howpublished = {\url{http://www.ics.uci.edu/~eppstein/PADS/}},
    note = {Accessed: 2013-12-10}
}

@misc { hardwick:walkvisual:www:2013,
    author = "Matthew Hardwick",
    title = "Visualization tool for testing self-avoiding walks",
    howpublished = {\url{http://cs454-final-project.herokuapp.com}},
    note = {Accessed: 2013-12-10}
}

@misc { combs:walksoft:www:2013,
    author = "Jacob Combs and Matthew Hardwick and Sean Robbins",
    title = "Repository for self-avoiding walk research report and software",
    howpublished = {\url{https://github.com/matthewhardwick/self-avoding-walks}},
    note = {Accessed: 2013-12-10}
}
